<?xml version="1.0" encoding="UTF-8"?><record xmlns="http://www.loc.gov/MARC21/slim" xmlns:cinclude="http://apache.org/cocoon/include/1.0" xmlns:zs="http://www.loc.gov/zing/srw/">
  <leader>00535nz  a2200133n  4500</leader>
  <controlfield tag="001">no2003038648</controlfield>
  <controlfield tag="003">DLC</controlfield>
  <controlfield tag="005">20030418052330.0</controlfield>
  <controlfield tag="008">030417n| acannaabn          |n aaa      </controlfield>
  <datafield tag="010" ind1=" " ind2=" ">
    <subfield code="a">no2003038648</subfield>
  </datafield>
  <datafield tag="035" ind1=" " ind2=" ">
    <subfield code="a">(OCoLC)oca06027354</subfield>
  </datafield>
  <datafield tag="040" ind1=" " ind2=" ">
    <subfield code="a">DLC-OB</subfield>
    <subfield code="b">eng</subfield>
    <subfield code="c">DLC-OB</subfield>
  </datafield>
  <datafield tag="100" ind1="1" ind2=" ">
    <subfield code="a">Teixeira, Ariosto</subfield>
  </datafield>
  <datafield tag="670" ind1=" " ind2=" ">
    <subfield code="a">Decisão liminar, c2001:</subfield>
    <subfield code="b">t.p. (Ariosto Teixeira) back flap (graduated in journalism, Univ. Federal de Santa Maria; master's degree, political science, Univ. de Brasília; analista político, Agência Estado e O Estado de S. Paulo)</subfield>
  </datafield>
</record>